# Key format: first author's last name, other authors' last name initials, four-digit year
# Otherwise stick as close to DPLB (https://dblp.org/) format as possible.
# Sort by key, alphabetically.
@misc{Abadi2015,
title={ {TensorFlow}: Large-Scale Machine Learning on Heterogeneous Systems},
url={https://www.tensorflow.org/},
note={Software available from tensorflow.org},
author={
    Martin~Abadi and
    Ashish~Agarwal and
    Paul~Barham and
    Eugene~Brevdo and
    Zhifeng~Chen and
    Craig~Citro and
    Greg~S.~Corrado and
    Andy~Davis and
    Jeffrey~Dean and
    Matthieu~Devin and
    Sanjay~Ghemawat and
    Ian~Goodfellow and
    Andrew~Harp and
    Geoffrey~Irving and
    Michael~Isard and
    Yangqing Jia and
    Rafal~Jozefowicz and
    Lukasz~Kaiser and
    Manjunath~Kudlur and
    Josh~Levenberg and
    Dandelion~Mane and
    Rajat~Monga and
    Sherry~Moore and
    Derek~Murray and
    Chris~Olah and
    Mike~Schuster and
    Jonathon~Shlens and
    Benoit~Steiner and
    Ilya~Sutskever and
    Kunal~Talwar and
    Paul~Tucker and
    Vincent~Vanhoucke and
    Vijay~Vasudevan and
    Fernanda~Vi\'{e}gas and
    Oriol~Vinyals and
    Pete~Warden and
    Martin~Wattenberg and
    Martin~Wicke and
    Yuan~Yu and
    Xiaoqiang~Zheng},
  year={2015},
}
@inproceedings{Bar-HaimEFKLS2020,
  author    = {Roy Bar{-}Haim and Lilach Eden and Roni Friedman and Yoav Kantor and Dan Lahav and Noam Slonim},
  editor    = {Dan Jurafsky and Joyce Chai and Natalie Schluter and Joel R. Tetreault},
  title     = {From Arguments to Key Points: Towards Automatic Argument Summarization},
  booktitle = {Proceedings of the 58th Annual Meeting of the Association for Computational Linguistics, {ACL} 2020, Online, July 5-10, 2020},
  pages     = {4029--4039},
  publisher = {Association for Computational Linguistics},
  year      = {2020},
  url       = {https://doi.org/10.18653/v1/2020.acl-main.371},
  doi       = {10.18653/v1/2020.acl-main.371},
  timestamp = {Fri, 08 Jan 2021 21:20:21 +0100},
  biburl    = {https://dblp.org/rec/conf/acl/Bar-HaimEFKLS20.bib},
  bibsource = {dblp computer science bibliography, https://dblp.org}
}
@inproceedings{Bar-HaimKEFLS2020,
  author    = {Roy Bar{-}Haim and Yoav Kantor and Lilach Eden and Roni Friedman and Dan Lahav and Noam Slonim},
  editor    = {Bonnie Webber and Trevor Cohn and Yulan He and Yang Liu},
  title     = {Quantitative argument summarization and beyond: Cross-domain key point analysis},
  booktitle = {Proceedings of the 2020 Conference on Empirical Methods in Natural Language Processing, {EMNLP} 2020, Online, November 16-20, 2020},
  pages     = {39--49},
  publisher = {Association for Computational Linguistics},
  year      = {2020},
  url       = {https://doi.org/10.18653/v1/2020.emnlp-main.3},
  doi       = {10.18653/v1/2020.emnlp-main.3},
  timestamp = {Fri, 08 Jan 2021 21:20:52 +0100},
  biburl    = {https://dblp.org/rec/conf/emnlp/Bar-HaimKEFLS20.bib},
  bibsource = {dblp computer science bibliography, https://dblp.org}
}
@inproceedings{Bird2006,
  title={NLTK: the natural language toolkit},
  author={Bird, Steven},
  booktitle={Proceedings of the COLING/ACL 2006 Interactive Presentation Sessions},
  pages={69--72},
  year={2006}
}
@misc{Chollet2015,
  title={Keras},
  author={Chollet, Fran\c{c}ois and others},
  year={2015},
  howpublished={\url{https://keras.io}},
}
@inproceedings{ChowandaSSS2017,
  author    = {Alan Darmasaputra Chowanda and Albert Richard Sanyoto and Derwin Suhartono and Criscentia Jessica Setiadi},
  title     = {Automatic Debate Text Summarization in Online Debate Forum},
  booktitle = {{ICCSCI}},
  pages     = {11--19},
  year      = {2017},
  url       = {https://doi.org/10.1016/j.procs.2017.10.003},
  doi       = {10.1016/j.procs.2017.10.003},
  timestamp = {Thu, 24 Sep 2020 16:46:37 +0200},
  biburl    = {https://dblp.org/rec/conf/iccsci/ChowandaSSS17.bib},
  bibsource = {dblp computer science bibliography, https://dblp.org}
}^
@article{CortesV1995,
  title={Support vector machine},
  author={Cortes, Corinna and Vapnik, Vladimir},
  journal={Machine learning},
  volume={20},
  number={3},
  pages={273--297},
  year={1995}
}
@article{DevlinCLT2018,
  title={Bert: Pre-training of deep bidirectional transformers for language understanding},
  author={Devlin, Jacob and Chang, Ming-Wei and Lee, Kenton and Toutanova, Kristina},
  journal={arXiv preprint arXiv:1810.04805},
  year={2018}
}
@misc{Edward2019,
  title={NLP Augmentation},
  author={Edward Ma},
  howpublished={https://github.com/makcedward/nlpaug},
  year={2019}
}
@inproceedings{GretzFCTLAS2020,
  author    = {Shai Gretz and Roni Friedman and Edo Cohen{-}Karlik and Assaf Toledo and Dan Lahav and Ranit Aharonov and Noam Slonim},
  title     = {A Large-Scale Dataset for Argument Quality Ranking: Construction and Analysis},
  booktitle = {The Thirty-Fourth {AAAI} Conference on Artificial Intelligence, {AAAI} 2020, The Thirty-Second Innovative Applications of Artificial Intelligence Conference, {IAAI} 2020, The Tenth {AAAI} Symposium on Educational Advances in Artificial Intelligence, {EAAI} 2020, New York, NY, USA, February 7-12, 2020},
  pages     = {7805--7813},
  publisher = {{AAAI} Press},
  year      = {2020},
  url       = {https://aaai.org/ojs/index.php/AAAI/article/view/6285},
  timestamp = {Tue, 02 Feb 2021 08:00:03 +0100},
  biburl    = {https://dblp.org/rec/conf/aaai/GretzFCTLAS20.bib},
  bibsource = {dblp computer science bibliography, https://dblp.org}
}
@inproceedings{HanselowskiSSCC2018,
  author    = {Andreas Hanselowski and Avinesh P. V. S. and Benjamin Schiller and Felix Caspelherr and Debanjan Chaudhuri and Christian M. Meyer and Iryna Gurevych},
  editor    = {Emily M. Bender and Leon Derczynski and Pierre Isabelle},
  title     = {A Retrospective Analysis of the Fake News Challenge Stance-Detection Task},
  booktitle = {Proceedings of the 27th International Conference on Computational Linguistics, {COLING} 2018, Santa Fe, New Mexico, USA, August 20-26, 2018},
  pages     = {1859--1874},
  publisher = {Association for Computational Linguistics},
  year      = {2018},
  url       = {https://www.aclweb.org/anthology/C18-1158/},
  timestamp = {Mon, 16 Sep 2019 17:08:53 +0200},
  biburl    = {https://dblp.org/rec/conf/coling/HanselowskiSSCC18.bib},
  bibsource = {dblp computer science bibliography, https://dblp.org}
}
@article{HochreiterS1997,
  title={Long short-term memory},
  author={Hochreiter, Sepp and Schmidhuber, J{\"u}rgen},
  journal={Neural computation},
  volume={9},
  number={8},
  pages={1735--1780},
  year={1997},
  publisher={MIT Press}
}
@software{HonnibalMVLB2020,
  author = {Honnibal, Matthew and Montani, Ines and Van Landeghem, Sofie and Boyd, Adriane},
  title = {{spaCy: Industrial-strength Natural Language Processing in Python}},
  year = 2020,
  publisher = {Zenodo},
  doi = {10.5281/zenodo.1212303},
  url = {https://doi.org/10.5281/zenodo.1212303}
}
@article{Jaccard1902,
  title={Lois de distribution florale dans la zone alpine},
  author={Jaccard, Paul},
  journal={Bull Soc Vaudoise Sci Nat},
  volume={38},
  pages={69--130},
  year={1902}
}
@article{LiuOGDJCLLZS2019,
  author    = {Yinhan Liu and Myle Ott and Naman Goyal and Jingfei Du and Mandar Joshi and Danqi Chen and Omer Levy and Mike Lewis and Luke Zettlemoyer and Veselin Stoyanov},
  title     = {RoBERTa: {A} Robustly Optimized {BERT} Pretraining Approach},
  journal   = {CoRR},
  volume    = {abs/1907.11692},
  year      = {2019},
  archivePrefix = {arXiv},
  eprint    = {1907.11692},
}
@article{Miller1995,
  title={WordNet: a lexical database for English},
  author={Miller, George A},
  journal={Communications of the ACM},
  volume={38},
  number={11},
  pages={39--41},
  year={1995},
  publisher={ACM New York, NY, USA}
}
@article{OllingerDSBS2020,
  author    = {Stefan Ollinger and Lorik Dumani and Premtim Sahitaj and Ralph Bergmann and Ralf Schenkel},
  title     = {Same Side Stance Classification Task: Facilitating Argument Stance Classification by Fine-tuning a {BERT} Model},
  journal   = {CoRR},
  volume    = {abs/2004.11163},
  year      = {2020},
  url       = {https://arxiv.org/abs/2004.11163},
  archivePrefix = {arXiv},
  eprint    = {2004.11163},
  timestamp = {Tue, 28 Apr 2020 16:10:02 +0200},
  biburl    = {https://dblp.org/rec/journals/corr/abs-2004-11163.bib},
  bibsource = {dblp computer science bibliography, https://dblp.org}
}
@article{PedregosaVGMTGBPWDVPCBPD2011,
 title={Scikit-learn: Machine Learning in {P}ython},
 author={Pedregosa, F. and Varoquaux, G. and Gramfort, A. and Michel, V.
         and Thirion, B. and Grisel, O. and Blondel, M. and Prettenhofer, P.
         and Weiss, R. and Dubourg, V. and Vanderplas, J. and Passos, A. and
         Cournapeau, D. and Brucher, M. and Perrot, M. and Duchesnay, E.},
 journal={Journal of Machine Learning Research},
 volume={12},
 pages={2825--2830},
 year={2011}
}
@inproceedings{PenningtonSM2014,
  title={Glove: Global vectors for word representation},
  author={Pennington, Jeffrey and Socher, Richard and Manning, Christopher D},
  booktitle={Proceedings of the 2014 conference on empirical methods in natural language processing (EMNLP)},
  pages={1532--1543},
  year={2014}
}
@article{Porter1980,
  author    = {Martin F. Porter},
  title     = {An algorithm for suffix stripping},
  journal   = {Program},
  volume    = {14},
  number    = {3},
  pages     = {130--137},
  year      = {1980},
  url       = {https://doi.org/10.1108/eb046814},
  doi       = {10.1108/eb046814},
  timestamp = {Wed, 14 Nov 2018 10:27:00 +0100},
  biburl    = {https://dblp.org/rec/journals/program/Porter80.bib},
  bibsource = {dblp computer science bibliography, https://dblp.org}
}
@misc{Rajapaske2019,
  title={Simple Transformers},
  author={Rajapakse, T. C.},
  year={2019},
  howpublished={\url{https://github.com/ThilinaRajapakse/simpletransformers}},
}
@article{SanchanAB2017,
  author    = {Nattapong Sanchan and Ahmet Aker and Kalina Bontcheva},
  title     = {Automatic Summarization of Online Debates},
  journal   = {CoRR},
  volume    = {abs/1708.04587},
  year      = {2017},
  url       = {http://arxiv.org/abs/1708.04587},
  archivePrefix = {arXiv},
  eprint    = {1708.04587},
  timestamp = {Mon, 13 Aug 2018 16:49:07 +0200},
  biburl    = {https://dblp.org/rec/journals/corr/abs-1708-04587.bib},
  bibsource = {dblp computer science bibliography, https://dblp.org}
}
@article{SchusterP1997,
  title={Bidirectional recurrent neural networks},
  author={Schuster, Mike and Paliwal, Kuldip K},
  journal={IEEE transactions on Signal Processing},
  volume={45},
  number={11},
  pages={2673--2681},
  year={1997},
  publisher={Ieee}
}
@inproceedings{StabMSRG2018,
  author    = {Christian Stab and Tristan Miller and Benjamin Schiller and Pranav Rai and Iryna Gurevych},
  editor    = {Ellen Riloff and David Chiang and Julia Hockenmaier and Jun'ichi Tsujii},
  title     = {Cross-topic Argument Mining from Heterogeneous Sources},
  booktitle = {Proceedings of the 2018 Conference on Empirical Methods in Natural Language Processing, Brussels, Belgium, October 31 - November 4, 2018},
  pages     = {3664--3674},
  publisher = {Association for Computational Linguistics},
  year      = {2018},
  url       = {https://doi.org/10.18653/v1/d18-1402},
  doi       = {10.18653/v1/d18-1402},
  timestamp = {Tue, 28 Jan 2020 10:28:47 +0100},
  biburl    = {https://dblp.org/rec/conf/emnlp/StabMSRG18.bib},
  bibsource = {dblp computer science bibliography, https://dblp.org}
}
@article{Sun2021WFDPSLCZLLWGLSSLOYTWW,
  author    = {Yu Sun and Shuohuan Wang and Shikun Feng and Siyu Ding and Chao Pang and Junyuan Shang and Jiaxiang Liu and Xuyi Chen and Yanbin Zhao and Yuxiang Lu and Weixin Liu and Zhihua Wu and Weibao Gong and Jianzhong Liang and Zhizhou Shang and Peng Sun and Wei Liu and Xuan Ouyang and Dianhai Yu and Hao Tian and Hua Wu and Haifeng Wang},
  title     = {{ERNIE} 3.0: Large-scale Knowledge Enhanced Pre-training for Language Understanding and Generation},
  journal   = {CoRR},
  volume    = {abs/2107.02137},
  year      = {2021},
  url       = {https://arxiv.org/abs/2107.02137},
  archivePrefix = {arXiv},
  eprint    = {2107.02137},
  timestamp = {Wed, 07 Jul 2021 15:23:11 +0200},
  biburl    = {https://dblp.org/rec/journals/corr/abs-2107-02137.bib},
  bibsource = {dblp computer science bibliography, https://dblp.org}
}
@misc{rajapakse2019,
  author={Rajapakse, T. C.},
  title={Simple Transformers},
  year={2019},
  url = {https://github.com/ThilinaRajapakse/simpletransformers}
}
@misc{ma2019nlpaug,
  title={NLP Augmentation},
  author={Edward Ma},
  howpublished={https://github.com/makcedward/nlpaug},
  year={2019}
}
@INPROCEEDINGS{Loper02nltk,
    author = {Edward Loper and Steven Bird},
    title = {NLTK: The Natural Language Toolkit},
    booktitle = {In Proceedings of the ACL Workshop on Effective Tools and Methodologies for Teaching Natural Language Processing and Computational Linguistics. Philadelphia: Association for Computational Linguistics},
    year = {2002}
}
@ARTICLE{Miller95wordnet,
    author = {George A. Miller},
    title = {WordNet: A Lexical Database for English},
    journal = {COMMUNICATIONS OF THE ACM},
    year = {1995},
    volume = {38},
    pages = {39--41},
}
@misc{spacy,
  author = {Honnibal, Matthew and Montani, Ines and Van Landeghem, Sofie and Boyd, Adriane},
  title = {{spaCy: Industrial-strength Natural Language Processing in Python}},
  year = 2020,
  publisher = {Zenodo},
  doi = {10.5281/zenodo.1212303},
  url = {https://doi.org/10.5281/zenodo.1212303}
}
@article{scikit-learn,
 title={Scikit-learn: Machine Learning in {P}ython},
 author={Pedregosa, F. and Varoquaux, G. and Gramfort, A. and Michel, V.
         and Thirion, B. and Grisel, O. and Blondel, M. and Prettenhofer, P.
         and Weiss, R. and Dubourg, V. and Vanderplas, J. and Passos, A. and
         Cournapeau, D. and Brucher, M. and Perrot, M. and Duchesnay, E.},
 journal={Journal of Machine Learning Research},
 volume={12},
 pages={2825--2830},
 year={2011}
}



% Unsorted:

@inproceedings{kpa-2021-overview,
	title = {Overview of KPA-2021 shared task: Key point based quantitative summarization},
	author = {Friedman, Roni  and
	Dankin, Lena  and
	Katz, Yoav and
	Hou, Yufang  and
	Slonim, Noam},
	booktitle = {Proceedings of the 8th Workshop on Argumentation Mining},
	month = nov,
	year = 2021,
	publisher = {Association for Computational Linguistics},
}
