// Always sort alphabetically by first author's last name.
// Prefer https://dblp.org/ bibliography entries over https://scholar.google.de/ or others.
@inproceedings{ajjour2019modeling,
  title={Modeling frames in argumentation},
  author={Ajjour, Yamen and Alshomary, Milad and Wachsmuth, Henning and Stein, Benno},
  booktitle={Proceedings of the 2019 Conference on Empirical Methods in Natural Language Processing and the 9th International Joint Conference on Natural Language Processing (EMNLP-IJCNLP)},
  pages={2915--2925},
  year={2019}
}
@inproceedings{Bar-HaimEFKLS2020,
  author    = {Roy Bar{-}Haim and Lilach Eden and Roni Friedman and Yoav Kantor and Dan Lahav and Noam Slonim},
  editor    = {Dan Jurafsky and Joyce Chai and Natalie Schluter and Joel R. Tetreault},
  title     = {From Arguments to Key Points: Towards Automatic Argument Summarization},
  booktitle = {Proceedings of the 58th Annual Meeting of the Association for Computational Linguistics, {ACL} 2020, Online, July 5-10, 2020},
  pages     = {4029--4039},
  publisher = {Association for Computational Linguistics},
  year      = {2020},
  url       = {https://doi.org/10.18653/v1/2020.acl-main.371},
  doi       = {10.18653/v1/2020.acl-main.371},
  timestamp = {Fri, 08 Jan 2021 21:20:21 +0100},
  biburl    = {https://dblp.org/rec/conf/acl/Bar-HaimEFKLS20.bib},
  bibsource = {dblp computer science bibliography, https://dblp.org}
}
@inproceedings{Bar-HaimKEFLS2020,
  author    = {Roy Bar{-}Haim and Yoav Kantor and Lilach Eden and Roni Friedman and Dan Lahav and Noam Slonim},
  editor    = {Bonnie Webber and Trevor Cohn and Yulan He and Yang Liu},
  title     = {Quantitative argument summarization and beyond: Cross-domain key point analysis},
  booktitle = {Proceedings of the 2020 Conference on Empirical Methods in Natural Language Processing, {EMNLP} 2020, Online, November 16-20, 2020},
  pages     = {39--49},
  publisher = {Association for Computational Linguistics},
  year      = {2020},
  url       = {https://doi.org/10.18653/v1/2020.emnlp-main.3},
  doi       = {10.18653/v1/2020.emnlp-main.3},
  timestamp = {Fri, 08 Jan 2021 21:20:52 +0100},
  biburl    = {https://dblp.org/rec/conf/emnlp/Bar-HaimKEFLS20.bib},
  bibsource = {dblp computer science bibliography, https://dblp.org}
}
@inproceedings{BarandelaVSF2004,
  author    = {Ricardo Barandela and Rosa Maria Valdovinos and Jos{\'{e}} Salvador S{\'{a}}nchez and Francesc J. Ferri},
  editor    = {Ana L. N. Fred and Terry Caelli and Robert P. W. Duin and Aur{\'{e}}lio C. Campilho and Dick de Ridder},
  title     = {The Imbalanced Training Sample Problem: Under or over Sampling?},
  booktitle = {Structural, Syntactic, and Statistical Pattern Recognition, Joint {IAPR} International Workshops, {SSPR} 2004 and {SPR} 2004, Lisbon, Portugal, August 18-20, 2004 Proceedings},
  series    = {Lecture Notes in Computer Science},
  volume    = {3138},
  pages     = {806},
  publisher = {Springer},
  year      = {2004},
  url       = {https://doi.org/10.1007/978-3-540-27868-9\_88},
  doi       = {10.1007/978-3-540-27868-9\_88},
  timestamp = {Fri, 27 Mar 2020 08:58:07 +0100},
  biburl    = {https://dblp.org/rec/conf/sspr/BarandelaVSF04.bib},
  bibsource = {dblp computer science bibliography, https://dblp.org}
}
@article{bilu2019argument,
  title={Argument invention from first principles},
  author={Bilu, Yonatan and Gera, Ariel and Hershcovich, Daniel and Sznajder, Benjamin and Lahav, Dan and Moshkowich, Guy and Malet, Anael and Gavron, Assaf and Slonim, Noam},
  journal={arXiv preprint arXiv:1908.08336},
  year={2019}
}
@inproceedings{BirdL2004,
  author    = {Steven Bird and Edward Loper},
  title     = {{NLTK:} The Natural Language Toolkit},
  booktitle = {Proceedings of the 42nd Annual Meeting of the Association for Computational Linguistics, Barcelona, Spain, July 21-26, 2004 - Poster and Demonstration},
  publisher = {{ACL}},
  year      = {2004},
  url       = {https://www.aclweb.org/anthology/P04-3031/},
  timestamp = {Wed, 18 Sep 2019 12:15:54 +0200},
  biburl    = {https://dblp.org/rec/conf/acl/BirdL04.bib},
  bibsource = {dblp computer science bibliography, https://dblp.org}
}
@article{day1984efficient,
  title={Efficient algorithms for agglomerative hierarchical clustering methods},
  author={Day, William HE and Edelsbrunner, Herbert},
  journal={Journal of classification},
  volume={1},
  number={1},
  pages={7--24},
  year={1984},
  publisher={Springer}
}
@inproceedings{DevlinCLT2019,
  author    = {Jacob Devlin and Ming{-}Wei Chang and Kenton Lee and Kristina Toutanova},
  editor    = {Jill Burstein and Christy Doran and Thamar Solorio},
  title     = {{BERT:} Pre-training of Deep Bidirectional Transformers for Language Understanding},
  booktitle = {Proceedings of the 2019 Conference of the North American Chapter of the Association for Computational Linguistics: Human Language Technologies, {NAACL-HLT} 2019, Minneapolis, MN, USA, June 2-7, 2019, Volume 1 (Long and Short Papers)},
  pages     = {4171--4186},
  publisher = {Association for Computational Linguistics},
  year      = {2019},
  url       = {https://doi.org/10.18653/v1/n19-1423},
  doi       = {10.18653/v1/n19-1423},
  timestamp = {Tue, 28 Jan 2020 10:30:29 +0100},
  biburl    = {https://dblp.org/rec/conf/naacl/DevlinCLT19.bib},
  bibsource = {dblp computer science bibliography, https://dblp.org}
}
@article{Dietterich1995,
  author    = {Thomas G. Dietterich},
  title     = {Overfitting and Undercomputing in Machine Learning},
  journal   = {{ACM} Comput. Surv.},
  volume    = {27},
  number    = {3},
  pages     = {326--327},
  year      = {1995},
  url       = {https://doi.org/10.1145/212094.212114},
  doi       = {10.1145/212094.212114},
  timestamp = {Tue, 06 Nov 2018 12:50:47 +0100},
  biburl    = {https://dblp.org/rec/journals/csur/Dietterich95.bib},
  bibsource = {dblp computer science bibliography, https://dblp.org}
}
@inproceedings{egan2016summarising,
  title={Summarising the points made in online political debates},
  author={Egan, Charlie and Siddharthan, Advaith and Wyner, Adam},
  booktitle={Proceedings of the Third Workshop on Argument Mining (ArgMining2016)},
  pages={134--143},
  year={2016}
}
@article{entman1993framing,
  title={Framing: Toward clarification of a fractured paradigm},
  author={Entman, Robert M},
  journal={Journal of communication},
  volume={43},
  number={4},
  pages={51--58},
  year={1993},
  publisher={Wiley Online Library}
}
@inproceedings{feifei2020bert,
  title={Bert-based Siamese Network for Semantic Similarity},
  author={Feifei, Xu and Shuting, Zheng and Yu, Tian},
  booktitle={Journal of Physics: Conference Series},
  volume={1684},
  number={1},
  pages={012074},
  year={2020},
  organization={IOP Publishing}
}
@inproceedings{GretzFCTLAS2020,
  author    = {Shai Gretz and Roni Friedman and Edo Cohen{-}Karlik and Assaf Toledo and Dan Lahav and Ranit Aharonov and Noam Slonim},
  title     = {A Large-Scale Dataset for Argument Quality Ranking: Construction and Analysis},
  booktitle = {The Thirty-Fourth {AAAI} Conference on Artificial Intelligence, {AAAI} 2020, The Thirty-Second Innovative Applications of Artificial Intelligence Conference, {IAAI} 2020, The Tenth {AAAI} Symposium on Educational Advances in Artificial Intelligence, {EAAI} 2020, New York, NY, USA, February 7-12, 2020},
  pages     = {7805--7813},
  publisher = {{AAAI} Press},
  year      = {2020},
  url       = {https://aaai.org/ojs/index.php/AAAI/article/view/6285},
  timestamp = {Tue, 02 Feb 2021 08:00:03 +0100},
  biburl    = {https://dblp.org/rec/conf/aaai/GretzFCTLAS20.bib},
  bibsource = {dblp computer science bibliography, https://dblp.org}
}
@article{hanselowski2018retrospective,
  title={A retrospective analysis of the fake news challenge stance detection task},
  author={Hanselowski, Andreas and PVS, Avinesh and Schiller, Benjamin and Caspelherr, Felix and Chaudhuri, Debanjan and Meyer, Christian M and Gurevych, Iryna},
  journal={arXiv preprint arXiv:1806.05180},
  year={2018}
}
@article{hartigan1979ak,
  title={AK-means clustering algorithm},
  author={Hartigan, John A and Wong, Manchek A},
  journal={Journal of the Royal Statistical Society: Series C (Applied Statistics)},
  volume={28},
  number={1},
  pages={100--108},
  year={1979},
  publisher={Wiley Online Library}
}

@inproceedings{kpa-2021-overview,
	title = {Overview of KPA-2021 shared task: Key point based quantitative summarization},
	author = {Friedman, Roni  and
	Dankin, Lena  and
	Katz, Yoav and
	Hou, Yufang  and
	Slonim, Noam},
	booktitle = {Proceedings of the 8th Workshop on Argumentation Mining},
	month = nov,
	year = 2021,
	publisher = {Association for Computational Linguistics},
}

@article{lan2019albert,
  title={Albert: A lite bert for self-supervised learning of language representations},
  author={Lan, Zhenzhong and Chen, Mingda and Goodman, Sebastian and Gimpel, Kevin and Sharma, Piyush and Soricut, Radu},
  journal={arXiv preprint arXiv:1909.11942},
  year={2019}
}
@article{LawrenceR2019,
  author    = {John Lawrence and Chris Reed},
  title     = {Argument Mining: {A} Survey},
  journal   = {Comput. Linguistics},
  volume    = {45},
  number    = {4},
  pages     = {765--818},
  year      = {2019},
  url       = {https://doi.org/10.1162/coli\_a\_00364},
  doi       = {10.1162/coli\_a\_00364},
  timestamp = {Tue, 29 Dec 2020 18:22:11 +0100},
  biburl    = {https://dblp.org/rec/journals/coling/LawrenceR19.bib},
  bibsource = {dblp computer science bibliography, https://dblp.org}
}
@article{LiuOGDJCLLZS2019,
  author    = {Yinhan Liu and Myle Ott and Naman Goyal and Jingfei Du and Mandar Joshi and Danqi Chen and Omer Levy and Mike Lewis and Luke Zettlemoyer and Veselin Stoyanov},
  title     = {RoBERTa: {A} Robustly Optimized {BERT} Pretraining Approach},
  journal   = {CoRR},
  volume    = {abs/1907.11692},
  year      = {2019},
  url       = {http://arxiv.org/abs/1907.11692},
  archivePrefix = {arXiv},
  eprint    = {1907.11692},
  timestamp = {Thu, 01 Aug 2019 08:59:33 +0200},
  biburl    = {https://dblp.org/rec/journals/corr/abs-1907-11692.bib},
  bibsource = {dblp computer science bibliography, https://dblp.org}
}
@article{LoshchilovH2019,
  author    = {Ilya Loshchilov and Frank Hutter},
  title     = {Decoupled Weight Decay Regularization},
  journal   = {CoRR},
  volume    = {abs/1711.05101},
  year      = {2019},
  url       = {http://arxiv.org/abs/1711.05101},
  archivePrefix = {arXiv},
  eprint    = {1711.05101},
}
@article{Miller1995,
  title={WordNet: a lexical database for English},
  author={Miller, George A},
  journal={Communications of the ACM},
  volume={38},
  number={11},
  pages={39--41},
  year={1995},
  publisher={ACM New York, NY, USA}
}

@inproceedings{misra:2016,
  title =               {Measuring the Similarity of Sentential Arguments in Dialogue},
  author =              {Amita Misra and Brian Ecker and Marilyn Walker},
  booktitle =           {Proceedings of the 17th Annual Meeting of the Special Interest Group on Discourse and Dialogue},
  month =               sep,
  year =                2016,
  address =             {Los Angeles},
  publisher =           {Association for Computational Linguistics},
  url =                 {https://aclanthology.org/W16-3636},
  pages =               {276--287},
}

@INPROCEEDINGS{naderi:2017,
  author =              {Nona Naderi and Graeme Hirst},
  title =               {{Classifying Frames at the Sentence Level in News Articles}},
  booktitle =           {Proceedings of Recent Advances in Natural Language Processing},
  pages =               {536-542},
  site =                {Varna, Bulgaria},
  year =                2017,
  doi =   {10.26615/978-954-452-049-6\_070},
  url =   {https://doi.org/10.26615/978-954-452-049-6_070}
}

@article{ollinger2020same,
  title={Same Side Stance Classification Task: Facilitating Argument Stance Classification by Fine-tuning a BERT Model},
  author={Ollinger, Stefan and Dumani, Lorik and Sahitaj, Premtim and Bergmann, Ralph and Schenkel, Ralf},
  journal={arXiv preprint arXiv:2004.11163},
  year={2020}
}
@article{Porter1980,
  title={An algorithm for suffix stripping},
  author={Porter, Martin F},
  journal={Program},
  year={1980},
  publisher={MCB UP Ltd}
}
@article{reimers2019classification,
  title={Classification and clustering of arguments with contextualized word embeddings},
  author={Reimers, Nils and Schiller, Benjamin and Beck, Tilman and Daxenberger, Johannes and Stab, Christian and Gurevych, Iryna},
  journal={arXiv preprint arXiv:1906.09821},
  year={2019}
}
@article{reimers2019sentence,
  title={Sentence-bert: Sentence embeddings using siamese bert-networks},
  author={Reimers, Nils and Gurevych, Iryna},
  journal={arXiv preprint arXiv:1908.10084},
  year={2019}
}
@article{stab2018cross,
  title={Cross-topic argument mining from heterogeneous sources using attention-based neural networks},
  author={Stab, Christian and Miller, Tristan and Gurevych, Iryna},
  journal={arXiv preprint arXiv:1802.05758},
  year={2018}
}
@article{Sun2021WFDPSLCZLLWGLSSLOYTWW,
  author    = {Yu Sun and Shuohuan Wang and Shikun Feng and Siyu Ding and Chao Pang and Junyuan Shang and Jiaxiang Liu and Xuyi Chen and Yanbin Zhao and Yuxiang Lu and Weixin Liu and Zhihua Wu and Weibao Gong and Jianzhong Liang and Zhizhou Shang and Peng Sun and Wei Liu and Xuan Ouyang and Dianhai Yu and Hao Tian and Hua Wu and Haifeng Wang},
  title     = {{ERNIE} 3.0: Large-scale Knowledge Enhanced Pre-training for Language Understanding and Generation},
  journal   = {CoRR},
  volume    = {abs/2107.02137},
  year      = {2021},
  url       = {https://arxiv.org/abs/2107.02137},
  archivePrefix = {arXiv},
  eprint    = {2107.02137},
  timestamp = {Wed, 07 Jul 2021 15:23:11 +0200},
  biburl    = {https://dblp.org/rec/journals/corr/abs-2107-02137.bib},
  bibsource = {dblp computer science bibliography, https://dblp.org}
}
@inproceedings{WangSMHLB2018,
  author    = {Alex Wang and Amanpreet Singh and Julian Michael and Felix Hill and Omer Levy and Samuel R. Bowman},
  editor    = {Tal Linzen and Grzegorz Chrupala and Afra Alishahi},
  title     = {{GLUE:} {A} Multi-Task Benchmark and Analysis Platform for Natural Language Understanding},
  booktitle = {Proceedings of the Workshop: Analyzing and Interpreting Neural Networks for NLP, BlackboxNLP@EMNLP 2018, Brussels, Belgium, November 1, 2018},
  pages     = {353--355},
  publisher = {Association for Computational Linguistics},
  year      = {2018},
  url       = {https://doi.org/10.18653/v1/w18-5446},
  doi       = {10.18653/v1/w18-5446},
  timestamp = {Tue, 28 Jan 2020 10:28:12 +0100},
  biburl    = {https://dblp.org/rec/conf/emnlp/WangSMHLB18.bib},
  bibsource = {dblp computer science bibliography, https://dblp.org}
}

